@Article{GNUWebSite,
author = {Walter F. Tischy},
title = {GNU.org},
journal = {http://gnu.org/software/rcs},
year = {1980},
}
